@InProceedings{radford2022,
  title =   {Robust Speech Recognition via Large-Scale Weak Supervision},
  author =       {Radford, Alec and Kim, Jong Wook and Xu, Tao and Brockman, Greg and Mcleavey, Christine and Sutskever, Ilya},
  booktitle =   {Proceedings of the 40th International Conference on Machine Learning},
  pages =   {28492--28518},
  year =   {2023},
  editor =   {Krause, Andreas and Brunskill, Emma and Cho, Kyunghyun and Engelhardt, Barbara and Sabato, Sivan and Scarlett, Jonathan},
  volume =   {202},
  series =   {Proceedings of Machine Learning Research},
  month =   {23--29 Jul},
  publisher =    {PMLR},
  pdf =   {https://proceedings.mlr.press/v202/radford23a/radford23a.pdf},
  url =   {https://proceedings.mlr.press/v202/radford23a.html}
}

@unknown{baevski2020,
author = {Baevski, Alexei and Zhou, Henry and Mohamed, Abdelrahman and Auli, Michael},
year = {2020},
month = {06},
pages = {},
title = {wav2vec 2.0: A Framework for Self-Supervised Learning of Speech Representations}
}

@misc{barrault2023,
  author = {Barrault, L. and Chung, A. and Dale, D. and Dong, N. and Duquenne, P.-A. and Elsahar, H. and others},
  title = {SeamlessM4T — Massively Multilingual \& Multimodal Machine Translation.},
  howpublished = {\url{https://ai.meta.com/blog/seamless-m4t/}},
  year = {2023}
}

@misc{microsoftnd,
  author = {Microsoft},
  title = {Custom Speech Overview},
  year = {2024},
  howpublished = {\url{https://learn.microsoft.com/en-us/azure/ai-services/speech-service/custom-speech-overview}}
}

@misc{li2021,
  author = {Li, J.},
  title = {Advancing End-to-End Automatic Speech Recognition},
  howpublished = {\url{https://www.microsoft.com/en-us/research/publication/advancing-end-to-end-automatic-speech-recognition/}},
  year = {2021},
  publisher = {Microsoft Research}
}

@unknown{hu2021,
author = {Hu, Edward and Shen, Yelong and Wallis, Phillip and Allen-Zhu, Zeyuan and Li, Yuanzhi and Wang, Shean and Chen, Weizhu},
year = {2021},
month = {06},
pages = {},
title = {LoRA: Low-Rank Adaptation of Large Language Models}
}

@inproceedings{woodard1982,
author = {Morris, Andrew and Maier, Viktoria and Green, Phil},
year = {2004},
month = {10},
pages = {},
title = {From WER and RIL to MER and WIL: improved evaluation measures for connected speech recognition},
doi = {10.21437/Interspeech.2004-668}
}

@inproceedings{morris2004,
  author = {Morris, A. and Maier, V. and Green, P.},
  title = {From WER and RIL to MER and WIL: Improved Evaluation Measures for Connected Speech Recognition},
  booktitle = {Proceedings of Interspeech 2004},
  year = {2004},
  doi = {10.21437/Interspeech.2004-668},
  url = {https://infoscience.epfl.ch/record/82766?ln=en\&v=pdf}
}

@INPROCEEDINGS{9053889,
  author={Kriman, Samuel and Beliaev, Stanislav and Ginsburg, Boris and Huang, Jocelyn and Kuchaiev, Oleksii and Lavrukhin, Vitaly and Leary, Ryan and Li, Jason and Zhang, Yang},
  booktitle={ICASSP 2020 - 2020 IEEE International Conference on Acoustics, Speech and Signal Processing (ICASSP)}, 
  title={Quartznet: Deep Automatic Speech Recognition with 1D Time-Channel Separable Convolutions}, 
  year={2020},
  volume={},
  number={},
  pages={6124-6128},
  keywords={Convolution;Conferences;Acoustics;Speech processing;Automatic speech recognition;Automatic speech recognition;convolutional networks;time-channel separable convolution;depthwise separable convolution},
  doi={10.1109/ICASSP40776.2020.9053889}}

@article{author2023noise,
  title={Noise Robust Speech Recognition System for Armenian Language},
  author={Anahit Vardanyan},
  year={2023},
  url={https://www.academia.edu/32822407/Noise_Robust_Speech_Recognition_System_for_Armenian_Language},
}

@article{article,
author = {Sargsyan, Sona and Rahne, Torsten},
year = {2021},
month = {09},
title = {Development Of Speech Material For An Armenian Speech Recognition Threshold Test},
volume = {10},
journal = {Russian Open Medical Journal},
doi = {10.15275/rusomj.2021.0321}
}

@misc{Karamyan_Davit_A,
 author={Karamyan, Davit and Karamyan, Tigran},
 address={Երևան},
 howpublished={online},
 publisher={«ԱՐՑԱԽ» հրատ.},
 language={en},
 abstract={The article is aimed to represent Armenian automated speech recognition model and its applications in different fields of economy. Because of the lack of Armenian speech corpora, in this article we fine-tuned the voice recognition and text symbol generating parts using a Conformer pre-trained model and a compact Armenian language model. The article focuses the attention of readers on the problem of recognizing human speech and transforming it to a text, especially for non-mainstream languages. The paper is prepared with scientific abstraction and a combined analysis of many recent implementations of the discussed approach. The sources' credibility, relevance and authenticity have been confirmed by their extensive research. As to conclude, though it is pretty challenging to develop ASR model for non-mainstream languages, it was proven that the employment of Conformerbased transformers in conjunction with language models is effective for Armenian speech recognition. It was also proven that the technique employed in this article is applicable for other languages too, with some adjustments. Հոդվածը նպատակ ունի հանրությանը ներկայացնել խոսքի ավտոմատացված ճանաչման մոդելը հայերենի համար և այդ մոդելի կիրառությունը տնտեսության տարբեր ոլորտներում: Հայերեն խոսքի տվյալների բազայի բացակայության պատճառով հոդվածում կատարելագործել ենք ձայնի ճանաչման և տեքստի սիմվոլների գեներացման մոդելները` օգտագործելով Conformer նախապես «վարժեցված» մոդելը և հայերենի համար ստեղծված կոմպակտ լեզվի մոդելը (LM): Հոդվածն ընթերցողների ուշադրությունը կենտրոնացնում է մարդու խոսքի ճանաչման և խոսքը տեքստի վերածելու խնդրի վրա, հատկապես քիչ տարածված լեզուների համար։ Հոդվածը շարադրված է գիտական վերացարկման և քննարկված մոտեցման վերջին կիրառությունների համակցված վերլուծության հիման վրա: Աղբյուրների արժանահավատությունը, համապատասխանությունը և արդիականությունը ստուգվել են գրականության լայնածավալ հետազոտությունների ընթացքում: Եզրակացությունն այն է, թեև բավականին դժվար է խոսքի ավտոմատացված մոդելի մշակումը քիչ տարածված լեզուների համար, սակայն հոդվածում ապացուցվել է, որ Conformer-ի վրա հիմնված տրանսֆորմեր-մոդելների օգտագործումը լեզվի մոդելների հետ համատեղ արդյունավետ է հայերեն խոսքի ճանաչման համար: Նաև ապացուցվել է, որ այս հոդվածում կիրառված մեթոդը կիրառելի է նաև այլ լեզուների համար՝ որոշակի ճշգրտումներով: Цель статьи - представить модель распознавания армянской автоматизированной речи и ее применения в различных сферах экономики. Из-за отсутствия армянских речевых данных в этой статье мы доработали части распознавания голоса и генерации текстовых символов, используя предварительно обученную модель Конформер и компактную модель армянского языка. Статья акцентирует внимание на проблеме распознавания человеческой речи и преобразования ее в текст, особенно для неосновных языков. Статья подготовлена с использованием метода научной абстракции и комбинированным анализом многих последних методов реализации обсуждаемого подхода. Надежность, актуальность и подлинность источников подтверждены их объемными исследованиями. В ходе исследования мы пришли к заключению, что, хотя разработать модель распознавания речи для неосновных языков довольно сложно, было доказано, что использование преобразователей на основе Конформеров в сочетании с языковыми моделями эффективно для распознавания армянской речи. Также было доказано, что методика, использованная в этой статье, применима и для других языков, с некоторыми корректировками.},
 title={A Conformer Based Automated Speech Recognition for Armenian Language},
 type={Հոդված},
 keywords={Economy},
}

@inproceedings{Melikian2022ArmSpeechAS,
  title={ArmSpeech: Armenian Spoken Language Corpus},
  author={Romanos Melikian},
  year={2022},
  url={https://api.semanticscholar.org/CorpusID:250141160}
}

@inproceedings{chakmakjian-wang-2022-towards,
    title = "Towards a Unified {ASR} System for the {A}rmenian Standards",
    author = "Chakmakjian, Samuel  and
      Wang, Ilaine",
    editor = "Khurshudyan, Victoria  and
      Tomeh, Nadi  and
      Nouvel, Damien  and
      Donabedian, Anaid  and
      Vidal-Gorene, Chahan",
    booktitle = "Proceedings of the Workshop on Processing Language Variation: Digital Armenian (DigitAm) within the 13th Language Resources and Evaluation Conference",
    month = jun,
    year = "2022",
    address = "Marseille, France",
    publisher = "European Language Resources Association",
    url = "https://aclanthology.org/2022.digitam-1.6",
    pages = "38--42",
    abstract = "Armenian is a traditionally under-resourced language, which has seen a recent uptick in interest in the development of its tools and presence in the digital domain. Some of this recent interest has centred around the development of Automatic Speech Recognition (ASR) technologies. However, the language boasts two standard variants which diverge on multiple typological and structural levels. In this work, we examine some of the available bodies of data for ASR construction, present the challenges in the processing of these data and propose a methodology going forward.",
}

@article{Baghdasaryan2022ExtendedAA,
  title={Extended ArmSpeech: Armenian Spoken Language Corpus},
  author={Varuzhan H. Baghdasaryan},
  journal={International Journal Of Scientific Advances},
  year={2022},
  url={https://api.semanticscholar.org/CorpusID:251891458}
}

@article{author2023armenian,
  title={Armenian Speech Recognition System: Acoustic and Language Models},
  author={Varuzhan H. Baghdasaryan},
  journal={International Journal of Scientific Advances},
  year={2023},
  url={https://www.academia.edu/90428363/Armenian_Speech_Recognition_System_Acoustic_and_Language_Models}
}

@inproceedings{inproceedings,
author = {Varuzhan H. Baghdasaryan},
year = {2023},
month = {09},
pages = {},
title = {Exploring Armenian Speech Recognition: A Comparative Analysis of ASR Models - Assessing DeepSpeech, Nvidia NeMo QuartzNet, and Citrinet on Varied Armenian Speech Corpora},
doi = {10.51408/csit2023_07}
}

@article{baghdasaryan2024enhancing,
  title={Enhancing Armenian Automatic Speech Recognition Performance: A Comprehensive Strategy for Speed, Accuracy, and Linguistic Refinement},
  author={Varuzhan H. Baghdasaryan},
  journal={International Journal of Scientific Advances (IJSCIA)},
  year={2024},
  volume={5},
  number={2},
  pages={281-288},
  month={Mar-Apr},
  url={https://www.ijscia.com/wp-content/uploads/2024/03/Volume5-Issue2-Mar-Apr-No.583-281-288.pdf}
}


@inproceedings{Majumdar2021CitrinetCT,
  title={Citrinet: Closing the Gap between Non-Autoregressive and Autoregressive End-to-End Models for Automatic Speech Recognition},
  author={Somshubra Majumdar and Jagadeesh Balam and Oleksii Hrinchuk and Vitaly Lavrukhin and Vahid Noroozi and Boris Ginsburg},
  year={2021},
  url={https://api.semanticscholar.org/CorpusID:233025247}
}









